%% This BibTeX bibliography file was created using BibDesk.
%% http://bibdesk.sourceforge.net/


%% Created for Gabriele Petronella at 2013-11-16 18:20:24 -0600 


%% Saved with string encoding Unicode (UTF-8) 



@misc{stickley,
	Author = {Jim Stickley},
	Date-Added = {2013-11-17 00:18:32 +0000},
	Date-Modified = {2013-11-17 00:20:21 +0000},
	Howpublished = {http://www.cybersecuritysummit.org/2014/pastevent/documents/Cyber\ Security\ Summit\ 2013\ -\ Jim\ Stickley.pdf},
	Title = {The Hidden Risks of Mobile Applications},
	Year = {2013}}

@misc{play-store-crawler,
	Author = {Akdeniz},
	Howpublished = {\url{https://github.com/Akdeniz/google-play-crawler}},
	Note = {[Online; accessed 3-November-2013]},
	Title = {{Google Play Crawler JAVA API}},
	Year = {2012}}

@misc{shopkick-nyt,
	Auth = {New York Times},
	Howpublished = {\url{http://www.nytimes.com/2010/08/17/technology/17app.html?_r=0}},
	Note = {[Online; accessed 3-November-2013]},
	Title = {{Aisle by Aisle, an App That Pushes Bargains}},
	Year = {2010}
}

@misc{play-store-unofficial-api,
	Author = {egirault},
	Howpublished = {\url{https://github.com/egirault/googleplay-api}},
	Note = {[Online; accessed 3-November-2013]},
	Title = {{Google Play Unofficial Python API}},
	Year = {2012}}

@misc{treat,
	Author = {Louis Mullie},
	Howpublished = {\url{https://github.com/elouismullie/treat}},
	Note = {[Online; accessed 24-November-2013]},
	Title = {{Treat}},
	Year = {2012}}

@misc{rovio,
	Author = {},
	Howpublished = {\url{www.rovio.com/privacy}},
	Note = {[Online; accessed 24-November-2013]},
	Title = {{Rovio Privacy Policy}},
	Year = {2013}}

@misc{wiki:POS,
	author = "Wikipedia",
	title = "Part-of-speech tagging --- {W}ikipedia{,} The Free Encyclopedia",
	year = "2014",
	url = "http://en.wikipedia.org/wiki/Part-of-speech_tagging",
	note = "[Online; accessed 25-March-2014]"
	}

@misc{halfbrick,
Author = {},
Howpublished = {\url{http://wac.76ff.edgecastcdn.net/0076FF/DOCS/PrivacyPolicy.htm}},
Note = {[Online; accessed 24-November-2013]},
Title = {{Halfbrick Privacy Policy}},
Year = {2013}}

@misc{shopkick,
Author = {Shopkick Inc},
Howpublished = {\url{http://shopkick.com/privacy-and-tos
}},
Note = {[Online; accessed 24-November-2013]},
Title = {{Shopkick Privacy Policy}},
Year = {2013}}

@misc{android-developer-guide,
	Author = {},
	Howpublished = {\url{http://developer.android.com/guide/topics/security/permissions.html}},
	Note = {[Online; accessed 23-November-2013]},
	Title = {{Android Developer Guide - Permissions}},
	Year = {2013}}

@misc{shopkick-lifehacker,
	Author = {Melanie Pinola},
	Howpublished = {\url{http://lifehacker.com/5864518/is-my-phone-spying-on-me-and-what-can-i-do-about-it}},
	Note = {[Online; accessed 23-November-2013]},
	Title = {{Life Hacker - I Know My Phone's "Spying" on Me, But How Bad Is It?}},
	Year = {2011}}

	
@inproceedings{Felt:2012:APU:2335356.2335360,
	Acmid = {2335360},
	Address = {New York, NY, USA},
	Articleno = {3},
	Author = {Felt, Adrienne Porter and Ha, Elizabeth and Egelman, Serge and Haney, Ariel and Chin, Erika and Wagner, David},
	Booktitle = {Proceedings of the Eighth Symposium on Usable Privacy and Security},
	Doi = {10.1145/2335356.2335360},
	Isbn = {978-1-4503-1532-6},
	Keywords = {Android, mobile phones, smartphones, usable security},
	Location = {Washington, D.C.},
	Numpages = {14},
	Pages = {3:1--3:14},
	Publisher = {ACM},
	Series = {SOUPS '12},
	Title = {Android permissions: user attention, comprehension, and behavior},
	Url = {http://doi.acm.org/10.1145/2335356.2335360},
	Year = {2012},
	Bdsk-Url-1 = {http://doi.acm.org/10.1145/2335356.2335360},
	Bdsk-Url-2 = {http://dx.doi.org/10.1145/2335356.2335360}}

@inproceedings{Kelley:2012:CPI:2426020.2426027,
 author = {Kelley, Patrick Gage and Consolvo, Sunny and Cranor, Lorrie Faith and Jung, Jaeyeon and Sadeh, Norman and Wetherall, David},
 title = {A Conundrum of Permissions: Installing Applications on an Android Smartphone},
 booktitle = {Proceedings of the 16th International Conference on Financial Cryptography and Data Security},
 series = {FC'12},
 year = {2012},
 isbn = {978-3-642-34637-8},
 location = {Bonaire},
 pages = {68--79},
 numpages = {12},
 url = {http://dx.doi.org/10.1007/978-3-642-34638-5_6},
 doi = {10.1007/978-3-642-34638-5_6},
 acmid = {2426027},
 publisher = {Springer-Verlag},
 address = {Berlin, Heidelberg},
 keywords = {android, applications, information design, permissions, privacy, security, smartphone},
} 

@inproceedings{Milkowski:2009:USS:1987717.1987736,
 author = {Milkowski, Marcin and Lipski, Jaroslaw},
 title = {Using SRX Standard for Sentence Segmentation},
 booktitle = {Proceedings of the 4th Conference on Human Language Technology: Challenges for Computer Science and Linguistics},
 series = {LTC'09},
 year = {2011},
 isbn = {978-3-642-20094-6},
 location = {Poznan, Poland},
 pages = {172--182},
 numpages = {11},
 url = {http://dl.acm.org/citation.cfm?id=1987717.1987736},
 acmid = {1987736},
 publisher = {Springer-Verlag},
 address = {Berlin, Heidelberg},
 keywords = {computer-aided translation, grammarchecking, segmentation, standards},
}

@article{Yang:2008:ELU:1339822.1339967,
 author = {Yang, Qiang and Pan, Sinno Jialin and Zheng, Vincent Wenchen},
 title = {Estimating Location Using Wi-Fi},
 journal = {IEEE Intelligent Systems},
 issue_date = {January 2008},
 volume = {23},
 number = {1},
 month = jan,
 year = {2008},
 issn = {1541-1672},
 pages = {8--13},
 numpages = {6},
 url = {http://dx.doi.org/10.1109/MIS.2008.4},
 doi = {10.1109/MIS.2008.4},
 acmid = {1339967},
 publisher = {IEEE Educational Activities Department},
 address = {Piscataway, NJ, USA},
 keywords = {2007 International Conference on Data Mining, Data Mining, Data Mining, ICDM 2007, 2007 International Conference on Data Mining, Wi-Fi, location estimation, ICDM 2007, Wi-Fi, location estimation},
} 

@inproceedings{Toutanova:2003:FPT:1073445.1073478,
 author = {Toutanova, Kristina and Klein, Dan and Manning, Christopher D. and Singer, Yoram},
 title = {Feature-rich Part-of-speech Tagging with a Cyclic Dependency Network},
 booktitle = {Proceedings of the 2003 Conference of the North American Chapter of the Association for Computational Linguistics on Human Language Technology - Volume 1},
 series = {NAACL '03},
 year = {2003},
 location = {Edmonton, Canada},
 pages = {173--180},
 numpages = {8},
 url = {http://dx.doi.org/10.3115/1073445.1073478},
 doi = {10.3115/1073445.1073478},
 acmid = {1073478},
 publisher = {Association for Computational Linguistics},
 address = {Stroudsburg, PA, USA},
}

@inproceedings{Marcus:1994:PTA:1075812.1075835,
 author = {Marcus, Mitchell and Kim, Grace and Marcinkiewicz, Mary Ann and MacIntyre, Robert and Bies, Ann and Ferguson, Mark and Katz, Karen and Schasberger, Britta},
 title = {The Penn Treebank: Annotating Predicate Argument Structure},
 booktitle = {Proceedings of the Workshop on Human Language Technology},
 series = {HLT '94},
 year = {1994},
 isbn = {1-55860-357-3},
 location = {Plainsboro, NJ},
 pages = {114--119},
 numpages = {6},
 url = {http://dx.doi.org/10.3115/1075812.1075835},
 doi = {10.3115/1075812.1075835},
 acmid = {1075835},
 publisher = {Association for Computational Linguistics},
 address = {Stroudsburg, PA, USA},
} 
